<?xml version="1.0" encoding="UTF-8"?><record xmlns="http://www.loc.gov/MARC21/slim" xmlns:cinclude="http://apache.org/cocoon/include/1.0" xmlns:zs="http://www.loc.gov/zing/srw/">
  <leader>00377cz  a2200121n  4500</leader>
  <controlfield tag="001">n  88241523 </controlfield>
  <controlfield tag="003">DLC</controlfield>
  <controlfield tag="005">19900119070107.7</controlfield>
  <controlfield tag="008">891108n| acannaab|          |n ana |||  </controlfield>
  <datafield tag="010" ind1=" " ind2=" ">
    <subfield code="a">n  88241523 </subfield>
  </datafield>
  <datafield tag="040" ind1=" " ind2=" ">
    <subfield code="a">DLC</subfield>
    <subfield code="c">DLC</subfield>
  </datafield>
  <datafield tag="110" ind1="1" ind2="0">
    <subfield code="a">ʻAjlūn (Jordan).</subfield>
    <subfield code="b">Maḥkamah al-Sharʻīyah</subfield>
  </datafield>
  <datafield tag="670" ind1=" " ind2=" ">
    <subfield code="a">Bānī Yāsīn, R. Fihris sijillāt al-Maḥkamah al-Sharʻīyah fī ʻAjlūn, 1988?-</subfield>
  </datafield>
</record>